@MISC {adelbertwbronkhorst2000,
    author = "Bronkhorst, A.",
        title  = "The Cocktail Party Phenomenon: A Review of Research on Speech Intelligibility in Multiple-Talker Conditions",
    howpublished    = "https://www.researchgate.net/publication/230739432_The_Cocktail_Party_Phenomenon_A_Review_of_Research_on_Speech_Intelligibility_in_Multiple-Talker_Conditions",
    month  = "jan",
    year   = "2000",
    note = "last visited: 10/02/2018 14:18"
}

@ARTICLE {general-article-cocktail-party-problem,
	author = "Bronkhorst, A.",
	title = "The Cocktail Party Phenomenon: A Review of Research on Speech Intelligibility in Multiple-Talker Conditions",
	year = "2000"
}

@ARTICLE{hyvärinen-oja-ICAalg,
	author="Hyvärinen,A. and Oja,E.",
	title = "Independent Component Analysis: Algorithms and Applications",
	year= "2000"

}

@ARTICLE{colincherry,
	author="Cherry, E. C.",
	title="Some Experiments on the Recognition of Speech, with One and with Two Ears",
	year = "1953"

}

@BOOK {elementsofstatisticallearning,
    author    = "Hastie, T. and Tibshirani, R. and Friedman, J.",
    title     = "The Elements of Statistical Learning",
    publisher = "Springer-Verlag",
    year      = "2008",
    edition   = "second"
}

@BOOK{wtheorie,
	author="Klenke, A.",
	title="Wahrscheinlichkeitstheorie",
	publisher="Springer",
	year="2006",
	edition="first"
}

@BOOK{unsupervisedlearning,
	author="Pacheco, E. R.",
	title = "Unsupervised Learning with R",
	publisher = "Packt Publishing",
	year = "2015",
	edition = "first"

}

@ARTICLE {time-series-prediction,
    author = "Górriz, J. and Puntonet, C. and Salmerón, M. and Lang, E.",
    title  = "Time Series Prediction using ICA Algorithms",
    year   = "2003"
}

@ARTICLE {estimating-smi-ica,
    author = "Suzuki, T. and Sugiyama, M.",
    title  = "Estimating Squared-loss Mutual Information for Independent Component Analysis",
    year   = "2009"
}

@BOOK{ICA_Book,
	author = "Hyvärinen, A. and Karhunen, J. and Oja, E.",
	title = "Independent Component Analysis",
	publisher ="John Wiley & Sons, Inc.",
	year ="2001",
	edition="first"
}

@MISC{generalized-additive-models,
	author = "Hastie, T. and Tibshirani, R.",
	title="Generalized Additive Models",
	howpublished = "https://onlinelibrary.wiley.com/doi/pdf/10.1002/9781118445112.stat03141",
	month = "",
	year = "2006",
	note = "last visited: 10/18/2018 15:25"
}

@ARTICLE{prodenica-doku,
	author = "Hastie, T. and Tibshirani, R.",
	title = "Product density Estimation for ICA using tilted Gaussian density",
	year = "2015"

}